<?xml version="1.0" encoding="UTF-8"?><record xmlns="http://www.loc.gov/MARC21/slim" xmlns:cinclude="http://apache.org/cocoon/include/1.0" xmlns:zs="http://www.loc.gov/zing/srw/">
  <leader>00600nz  a2200145n  4500</leader>
  <controlfield tag="001">n 2015187994</controlfield>
  <controlfield tag="003">DLC</controlfield>
  <controlfield tag="005">20150907044113.0</controlfield>
  <controlfield tag="008">150907n| azannaabn          |n aaa      </controlfield>
  <datafield tag="010" ind1=" " ind2=" ">
    <subfield code="a">n 2015187994</subfield>
  </datafield>
  <datafield tag="035" ind1=" " ind2=" ">
    <subfield code="a">(DNLM)1664267</subfield>
  </datafield>
  <datafield tag="040" ind1=" " ind2=" ">
    <subfield code="a">DNLM</subfield>
    <subfield code="b">eng</subfield>
    <subfield code="e">rda</subfield>
    <subfield code="c">DNLM</subfield>
  </datafield>
  <datafield tag="100" ind1="1" ind2=" ">
    <subfield code="a">Shannon, Ciara휍혖n</subfield>
  </datafield>
  <datafield tag="375" ind1=" " ind2=" ">
    <subfield code="a">male</subfield>
  </datafield>
  <datafield tag="670" ind1=" " ind2=" ">
    <subfield code="a">Models of mental health, 2016:</subfield>
    <subfield code="b">ECIP t.p. (Ciara휍혖n Shannon) galley (worked as a Consultant Clinical Psychologist since 2001 and currently manages a psychosis prevention team; Assistant Course Director of the Doctorate in Clinical Psychology at Queen's University Belfast since 2008)</subfield>
  </datafield>
</record>